@BOOK{Smith:2012qr,
   title = {Chemistry},
   publisher = {Publisher},
   author = {Smith, J.~M. and Jones, A.~B.},
   year = {2012},
   edition = {7th},
}


@article{lu2016vital,
	title={Vital nodes identification in complex networks},
	author={L{\"u}, Linyuan and Chen, Duanbing and Ren, Xiao-Long and Zhang, Qian-Ming and Zhang, Yi-Cheng and Zhou, Tao},
	journal={Physics Reports},
	volume={650},
	pages={1--63},
	year={2016},
	publisher={Elsevier}
}

@article{morone2015influence,
	title={Influence maximization in complex networks through optimal percolation},
	author={Morone, Flaviano and Makse, Hern{\'a}n A},
	journal={arXiv preprint arXiv:1506.08326},
	year={2015}
}

@article{morone2016collective,
	title={Collective Influence Algorithm to find influencers via optimal percolation in massively large social media},
	author={Morone, Flaviano and Min, Byungjoon and Bo, Lin and Mari, Romain and Makse, Hern{\'a}n A},
	journal={Scientific reports},
	volume={6},
	year={2016},
	publisher={Nature Publishing Group}
}

@article{schneider2011mitigation,
	title={Mitigation of malicious attacks on networks},
	author={Schneider, Christian M and Moreira, Andr{\'e} A and Andrade, Jos{\'e} S and Havlin, Shlomo and Herrmann, Hans J},
	journal={Proceedings of the National Academy of Sciences},
	volume={108},
	number={10},
	pages={3838--3841},
	year={2011},
	publisher={National Acad Sciences}
}


@misc{zhfkt2017887989,
	author       = {zhfkt},
	title        = {zhfkt/ComplexCi: ComplexCi 0.11},
	month        = sep,
	year         = 2017,
	doi          = {10.5281/zenodo.887989},
	howpublished = {\url{https://doi.org/10.5281/zenodo.887989}},
	url          = {\url{https://doi.org/10.5281/zenodo.887989}}
}

@misc{zhfktgithub,
	author       = {zhfkt},
	title        = {zhfkt/ComplexCi},
	year         = 2017,
	howpublished = {\url{https://github.com/zhfkt/ComplexCi}},
	url          = {\url{https://github.com/zhfkt/ComplexCi}}
}


@misc{ciheapccode,
	author       = {hmakse},
	title        = {C code implementation of Collective Influence algorithm},
	year         = 2016,
	url          = {\url{http://www-levich.engr.ccny.cuny.edu/~hernanlab/uploads/CIHEAP.c}}
}

@misc{ wikiBetweennesscentrality,
	author = "Wikipedia",
	title = "{Betweenness centrality} --- {W}ikipedia{,} The Free Encyclopedia",
	year = "2017",
	howpublished = {\url{http://en.wikipedia.org/w/index.php?title=Betweenness\%20centrality&oldid=797759108}},
	note = "[Online; accessed 27-September-2017]"
}


@article{freeman1977set,
	title={A set of measures of centrality based on betweenness},
	author={Freeman, Linton C},
	journal={Sociometry},
	pages={35--41},
	year={1977},
	publisher={JSTOR}
}


@misc{ wikiClosenesscentrality,
	author = "Wikipedia",
	title = "{Closeness centrality} --- {W}ikipedia{,} The Free Encyclopedia",
	year = "2017",
	howpublished = {\url{http://en.wikipedia.org/w/index.php?title=Closeness\%20centrality&oldid=797074062}},
	note = "[Online; accessed 27-September-2017]"
}


@article{bavelas1950communication,
	title={Communication patterns in task-oriented groups},
	author={Bavelas, Alex},
	journal={The Journal of the Acoustical Society of America},
	volume={22},
	number={6},
	pages={725--730},
	year={1950},
	publisher={ASA}
}


@misc{ wikiCentrality,
	author = "Wikipedia",
	title = "{Centrality} --- {W}ikipedia{,} The Free Encyclopedia",
	year = "2017",
	howpublished = {\url{http://en.wikipedia.org/w/index.php?title=Centrality&oldid=797812714}},
	note = "[Online; accessed 27-September-2017]"
}

@misc{ wikiPageRank,
	author = "Wikipedia",
	title = "{PageRank} --- {W}ikipedia{,} The Free Encyclopedia",
	year = "2017",
	howpublished = {\url{http://en.wikipedia.org/w/index.php?title=PageRank&oldid=799442332}},
	note = "[Online; accessed 27-September-2017]"
}


@techreport{page1999pagerank,
	title={The PageRank citation ranking: Bringing order to the web.},
	author={Page, Lawrence and Brin, Sergey and Motwani, Rajeev and Winograd, Terry},
	year={1999},
	institution={Stanford InfoLab}
}

@article{peixotographtool2014,
	title = {The graph-tool python library},
	url = {\url{http://figshare.com/articles/graphtool/1164194}},
	doi = {10.6084/m9.figshare.1164194},
	urldate = {2014-09-10},
	journal = {figshare},
	author = {Peixoto, Tiago P.},
	year = {2014},
	keywords = {all, complex networks, graph, network, other}}


@article{tarjan1984worst,
	title={Worst-case analysis of set union algorithms},
	author={Tarjan, Robert E and Van Leeuwen, Jan},
	journal={Journal of the ACM (JACM)},
	volume={31},
	number={2},
	pages={245--281},
	year={1984},
	publisher={ACM}
}

@article{tarjan1979class,
	title={A class of algorithms which require nonlinear time to maintain disjoint sets},
	author={Tarjan, Robert Endre},
	journal={Journal of computer and system sciences},
	volume={18},
	number={2},
	pages={110--127},
	year={1979},
	publisher={Elsevier}
}

@misc{ wikiDisjointsetdatastructure,
	author = "Wikipedia",
	title = "{Disjoint-set data structure} --- {W}ikipedia{,} The Free Encyclopedia",
	year = "2017",
	howpublished = {\url{http://en.wikipedia.org/w/index.php?title=Disjoint-set\%20data\%20structure&oldid=791705269}},
	note = "[Online; accessed 27-September-2017]"
}

@misc{ masterCompetitionbackground,
	author = "DataCastle",
	title = {DataCastle Master Competition Background},
	year = "2017",
	howpublished = {\url{http://www.dcjingsai.com/common/cmpt/%E5%A4%A7%E5%B8%88%E8%B5%9B_%E7%AB%9E%E8%B5%9B%E4%BF%A1%E6%81%AF.html}},
}

@misc{ cppnthelement,
	author = "cppreference",
	title = {c++ STL nth element api on the cppreference},
	year = "2017",
	howpublished = {\url{http://en.cppreference.com/w/cpp/algorithm/nth_element}},
}

@misc{ wikiIntroselect,
	author = "Wikipedia",
	title = "{Introselect} --- {W}ikipedia{,} The Free Encyclopedia",
	year = "2017",
	howpublished = {\url{http://en.wikipedia.org/w/index.php?title=Introselect&oldid=797624665}},
	note = "[Online; accessed 29-September-2017]"
}


